
<record>
  <controlfield tag="001">891454</controlfield>
  <datafield tag="245" ind1=" " ind2=" ">
    <subfield code="a">Performance of the Virgo interferometer longitudinal control system during the second science run</subfield>
  </datafield>
  <datafield tag="024" ind1="7" ind2=" ">
    <subfield code="a">10.1016/j.astropartphys.2010.11.006</subfield>
    <subfield code="2">DOI</subfield>
  </datafield>
  <datafield tag="035" ind1=" " ind2=" ">
    <subfield code="z">D11-06571</subfield>
    <subfield code="9">DESY</subfield>
  </datafield>
  <datafield tag="035" ind1=" " ind2=" ">
    <subfield code="a">Accadia:2011zzb</subfield>
    <subfield code="9">SPIRESTeX</subfield>
  </datafield>
</record>